01192098F6773D478A020CE4F731D465ACC:4
01C9813FF1890A456E47B0E2D65251297D7:2
01F4C0CC4A0DEAC5CDF7B8E4F02382A1AA6:3
0210E299DFA8D7CB61372DD80D227D7631D:1
023423A473B7AAD80F5C44367F8748C6DB7:1
02D73484F1F518A8760A730F16AF4146BA3:5
02E50676666E7FC8D89756DF6E41E5A13B1:1
03136250FED5F07F1FB8D0CE9C6D46D424B:6
03600733F9E30631DF9AD92F428155718D1:1
038596D476F99815D6A5C2AE5A3B3E72253:19
04780F19421E9BCE36DFCF9B01D54501343:1
04DDF317D6AC3A7BA72CADBFC151ED8CB9E:1
05036BB498589BD50C569F2B0E4431AF67C:1
057B48390012A24037027F45920B718A80C:2
06BDA67A729DCCFD836C44382592D5FDC6E:1
082D14715EA038A5F99BDA48DBCBE76B1BD:5
08445BEA943EE38DFBD41C7C1BBD42E3EA0:2
0856658A0072B970968DEC43391BE7E2CBB:2
087EDD7BE0CF7561096E8918841222A4123:4
088BD0E4B5C7768220D3301C201F1CFAF6F:2
08C878994CA94F93B4CD063E8303FBC93DF:1
08E52A4E60657C8236E44355A170F5F1B6A:3
0913CC44327C5618215CFAD41C8D9FA902A:1
098853FC61B076C52F0CE81C84B6FD5C5BE:1
0AAE6B8C50BFC8B48E1C3C0D658EB66AF50:1
0AC015C2825F2F7CE31698DA8935F4AB243:2
0B76DD6E60F3DCB0E717C4FE69DE77EB55A:1
0BFA9780A4AAE26967570369CABE7A09EEB:1
0C3CD68F0B5C170A1D71805C6D86C613CF6:5
0C60A5F63638967A8D3D9026E4EA2965C1F:2
0C61B3B6714127E9B38A4CCA37BC9E82EB9:2
0CA1156A78202AF98A205B0583A2BC30E6E:2
0D439D0A9B7E94CE2AEDAF6D95805AED1ED:5
0DF48C2EDA718666323CD15A4952B8B44A6:3
0E9DB2885953E859055F6D7690D2FF44F7E:1
0F14CB9EB7E25EA263A66881AC78CE7656D:2
0F7C40B31899E6435CFD9086145120FDFB1:1
0FA5926C1D548DAEB98DAB8AF83B25B38E3:3
10A7E56DBB4DFED56A02BF5EDA5E7ED17C5:1
10FFBDB80A82B9E2A785A5F64BA2FDA8346:1
11C7DB32021370C0E62B258923C2D332767:2
11D5BC83FC278BAD77A87106203F0D795F9:2
124621A7F8CCCE46FC249D649D69C18DB6F:1
1344D59139AE9B9651069EA5CF3BFA8E7A1:2
13CAC2F669B2772F2383CDE28006D79480D:10
14837EC8053EF9876103C0D12BE875921B6:3
17887E6C506BF425420853134D8E50A8479:1
1842DEEB6BD489C98ABC93A1757AA7B85C8:7
1943F1F943CE191FA6D3EE07772E8847E36:1
194AB54A746B94DB223DF700AB3BDB70BD4:15
1A2ED9B6E4AA3562FA442D591E97A647E7B:3
1A6BA672BF26FED96F02EFFFDA5148710E9:6
1AB03E5EAF314DD2FD022584FFDC4DAE6B3:2
1AC29518CCADDB69CFCAC0CE9021BA293F2:2
1B3A0203883FA7CCF500BA8730CE465A90A:3
1C1D00840E542A8B7A30D2946DC9A4DCDB8:5
1C825124CC0AE3E6C67F3A83EEB545321DC:2
1CCF045FAFF5565F6051B615E0844D4004E:6
1DBBC14528C7E09F7D294DDA3CF12FB0049:2
1F07EE335CE78DFECC8F4D5546F0CD31F51:2
2001F44243EC9B74942367E6E18B7253D2F:1
20FBFD6DD1536EB9BB0D565EAD16AC7793E:3
214B3F26C7C6380EFB060CD771C74027698:1
21936BDE93E84D2D4A310EAB5BD5B43D523:1
21A70384BFAA1032C3A44569D638208C57A:2
220558D42C6CB3165468D316D8F45628A41:1
22AE3A5EAC5B72776EBF9E425C65F8AE934:1
22B6331E6B6AD842F076902710D0E858F47:6
24369B8BBB8BAC52624AB36EC5256F8F666:1
2457A371A00AB6243DDF88001F583D5108D:2
24AAEA8B3D70E33064065643DBF3AF65725:1
24FB059B12E70D90E1C112366B3FC51AD48:2
255052E9EE1B93E33EB625EFD57449EF2D3:29
25899074FE5B6D4BAE0741FB541528524CD:3
25DC2782CBAAD1CD24F590EBED95D4E17FB:2
26E9059BD8D06838B0580DF62B2C1209929:1
26EC0ED9D8C5CDE85003B72BA28909933FF:119
2719BD253DE82DD5EA2797AD3EC950FECDE:5
292A9B0DC50CF666628D6CC5FF7A46C7E43:6
29606FEC489855B1390A2077B00C134A0DE:23
2986072DF7ACFAE72C23F95024977B4D8D9:1
29A027625B4BC0F952CD15F08CBB599FC92:2
29B20BB44404D966079F79666A066F91519:1
2A184CCB182A729E3112D88F9FA8A0CC849:5
2A2019C5CEB45F6073A7E5E929FF334E5A8:1
2A902B6B1955F0695F1B04B600FD4A3C00B:3
2AE2ED4DF56A8CD65928070F0FBD9C7D9BF:1
2B2A2E6F59FB0C7FC7F2B73FD3B503153D4:2
2BA20361FCECB3ED17B155C149528FB08E5:1
2BFD419752365A157F52E382D5FCAECA70C:1
2CDE5BA39AD1156E94225B9A282EFBA122B:5
2E7B524FA2082D9B78826DEAD8D217F8529:1
2EFAF873088262F83BA49A79971A2138D6E:1
2EFC82BA518DB381DC9576BCF254E551B84:5
2F46D71F50DB7FEB4041B31268B077816DA:2
308F6B2E7149410483F3D1E99F7B6D775F2:28
31173C7132C7FAB425E812C6C6F1714BA70:2
313EF0B87B1A1A6A230A50D30AD8C0AD1B2:9
31AF5E64E8D14E53623B05A2DD3D2687611:1
32077F4793F17F49CB152641A282B3EA6B0:10
321B7C4977F71B16F43806F6DAE44146EE5:2
325F40A4AE92F0A8CB877C1B38153C3CBEC:4
32799AE81CB04A4C71E495FB54F990F9247:2
32E54781EB478EFC937812A149CD5DBF422:1
33FFD99B8D6AA1E3D8D92AF5E0E954B2834:2
347DD651E2E4685C5A489D7015CC822D5B1:73
362213A66A41B546FF4298464443A019687:1
363F1AC5B11CCBB4BAE2C4C5A8836D856B1:1
3708A126098DEE4601421D9CEFCE16B9750:1
373431533503470027E7695EA1B0B097EA6:3
374504814CCFA7D2A09A8BB6290197FFCBF:5
38BF1C4FEC9BCA23E1F9F3B9076F30156B3:291
39075D3446729157807E6FB9E1A5A7700F2:1
39563BF18B84EE3BD9F1F6CA790A1457FCC:2
39D0F426490D0A3D86FD3C5F1DBD3C81BB4:1
39D9693120E9FD9B132BEC6C1B1D3DF69AA:2
3A0317595A7A2F78529696F3AC0F6AF9716:1
3AA79888C9B2DFA2D353573990DB900C1E3:1
3AED274301B2EBCB583C439D544F93C7C4B:2
3B822660E0263288576D1B6DDF6E447DF4E:3
3BEB9BAA56AC5B3AA05C910FCCAB540ED42:1
3C94D88F72104CDEEBE9B55A7409A873CAC:2
3D0541F3166D90AEE571FB2BFB9E6FCAF17:1
3D0A93B18335B143B96366890B3C4093733:4
3DB369B0CF92F1B35F1F7E9A544821D5DDD:2
3DFC7E817EA9E4C1E129D0FFF8B182DEBD1:1
3EDF780B5B8991AC113E526A82977EB0A00:1
3F0E8A5739BF1A0865DD8C5421EBC041CDB:2
40BEE60BE57BAAC8D06DC25DF4B9D071895:1
40C9F5FD21938F73EF22D56F64AEA72679E:1
4132D2DF900BEF7FB69C9901CEFF116A147:5
4152FDF88F22ECC20D87A11B08F77832E2B:1
423FFA2AA36D983426CCAA650EB49CE3D45:2
42D88639360079E7C5799E8001AF89A1EA5:1
4313C08AA9E77A62E568E67753571941058:1
43414A2836AB46CD3545828EE1AF6A5D6C0:5
44BC16BAF3AB356A4A37DB1E284CD64C9AF:1
4552F013FC03D88951726DB6DD9500A6F55:3
459B4850C7131E35F15AD32EB7ACF95DBDE:3
45DF7950063DF543AB3BE499C951AD3BD3D:1
461FAF580C323928A1B934DC4FFA5D9E936:2
465C201B7279AC1D1B26BEE0C0EF4EB2C53:3
46A83DD5469B233EFC336B1E4122EB81C36:2
474F77BC562A6C3AF22CF7043EEF00B8AB1:12
476990A7A08725FB0911AFE632363909724:1
478DA6053FC60D2355875F2F106027B22E9:2
47BB6EBBF2D6D5CF458104E0C5547A671DA:2
47E7688258EA726262E0EADED4AEAFB7184:11
47F85BB0D2D8A81A7299B304682BF340775:3
4830DD665B628F328EE874E6A2885F8D439:1
483D1FFA327191B7E51187A13446A4C0014:1
488E1410426903A5F7A26292E5389873762:1
48D003FFBEEEE33BA1033C0D6F22B379861:2
48D6363014863B66348DAE59CA4F85DFD06:2
492F5756993BF01B35127C2AE7FC9816F82:1
4A02B2022104ECAC19A778C89FFAE670BF4:2
4A5A3BCB7BB18D6BEC4C605B4D1982B764D:1
4A86E20F4E4EDFDE0C201F9CCF60366D05F:2
4B934FF6E57ACF5D1BD193C247DADAB535B:2
4C2180D709EEC7ED0DD628A03723FBF8D02:5
4C96942D74BE5C20C9CDB9AB4417BEA3709:1
4E0EEBEC613ACD9D90F0C483A387F66B3C4:1
4EA653D9CDF320B944EA3E9F5F77F6117C3:1
4EDE816805F6BC4C43B4DC41F026B390180:2
4F1DA2529F92AA1A074676CF0376A1BA7D6:3
50D54E7377E380E861D42A04B9175991538:2
510AFE68C1A382B4C1B045F126C12F5B6A8:1
51980F6F9ED38BC9E1AEA18BBDB5B999CDB:10
519AD47867D706B36C4B0B9383CCB45312D:2
51F97FA47FC71911073B26BD604A81F5BE9:4
525E5D7B31196A5CC5232F3DDC95457C160:3
52605C65996DEE2FE1C0FC2F8D0F512709F:2
527F5893ADD4EA9D9A93858594288470E7A:6
52B47291AB41F344F1EA85E6CA5E188D4C4:1
52DFDBC90E80AACC70E165DEE1F3C49F894:1
53EBB53F30B8A4C26F3D17EC1BEC5E294E6:2
540DA7DAA849BEA3E3E0E7FFCB061013DD9:2
5466C3C6E5B8D48A78823A4B875ACD05578:1
54A3BA05340B2C3C22B3D82E16779921A9E:3
556E1C12E9D11169C9E8BE914E7B8349A7F:2
55AC614D4678F2F2BDC4505E8DBE6AB07C8:5
56C02F751527A8263B9BC1C3611B485AB24:1
56E757F4B51422C6C3501140F94CC06C094:1
5713FC6FF828B094B2CFF9439A63AE5E2C3:3
571E11054BDEB75622EC71D2EA8A1DFBE3B:1
572301CD68B31C637338955550A5FAC0BE6:1
5788D39E376B8264C682720CD9AC3343FD1:3
5946FBCBD3D77933C7DA1D6949FB4EF406F:2
5A296CD84C4F5BAEC62D9F8D353296D4C10:1
5A7E208477BB776DF736C26887491F60A1C:2
5AD5AAB7F01AF37D2B2B9469F850523F875:1
5B3C8B407C27362E5DAADFB63D8CDB4CB96:3
5B693CA198E17B40BB9794917FE9F1EF5D0:3
5BCFBEA91056230229FE05B917D3C344ED7:1
5C24C2F3DBA541ED69F3FDD374ACD2DE903:3
5C3D57CAED4A615B5D5AC860E2D7D830917:1
5C6D428CD75BF9B23C6215BB08CA8825390:10
5DD218AB6990E7D0DD7330C953190C7D368:1
5DDED886B255773DA102785519CB69C8488:2
5E3474DB3438DE1527DA965E7A04C9B1920:2
5F47850A1CAB203B923E8E790811488121B:1
5F6D8F5418C0968C13579A1E3445C290752:5
5FE27EC3873D10873C1B8FBD2856FC7B6A2:1
603675BD21B54A504355A82B12607B73EF3:1
603B8761A7E1D3F00AB3C5C4A35BAF58E9D:1
60C6B2D65AF57CA1D457169FD3BA6D532E0:1
60EA0873AB18A917CA6469805D4F69BA2DC:2
6144977D8F1C0F104D09B636A3826F99642:1
61C09B6C8FDD31B74AC3883A94E520695FD:2
61DD0B52F5AC940BA61CB682E986C45DAA8:1
627F76538D4491C58EBD87D7CC35B66AFF4:1
62CAC433A7CB2E219EA86AD91BB5C80A38C:2
638A851322AEC338A85426B301EE67D9671:1
63BA33E0CDC08A644DAD8E1EAA37503F6DC:2
6473077BEF11A3D73E9AA6637293697DD62:1
649CE17828A7D23C94F8954FED73E222C70:2
651C6B58F894AB2DACE81E54FE2FBD3C65D:1
656F499CB9C9504E1F9E8A4BB8141EDB239:3
6579B8BEF13B2586E31BC4D184020C4D97D:8
66273B5E8793E242C157075E6A80AE7FA47:4
6650D73EEBA0056CB042A68669635F5C415:1
66672A71CA478BD650D328F31F235E10AA5:1
66868BE1905E8FF34C05FF62C8B95172D21:1
66B461CB1B45212FEA5B9BE59A9633A7F1D:15
68CDFCB02C8A91CE3E5D5E6F989CDA1302F:3
695DF17261886DB930A39DC8172783856D0:1
6964EC0249EC769C86C6F53363B41C6BB83:18
69936B23525C36C71F24A4BC61D05CD18E5:1
69E3A119C2227048201DA2FFA0031453D54:1
6AF2C6127862EFB43E3C43C7BCC744E10F5:1
6AFC7AA649B689D201CEEF9C69F587AFC3D:4
6BAB41A124C885CA1E8E113CC379B281FD3:37
6BB7BE39ECAD44CBEAC9C79135E4E9CB280:2
6BFABD51C2302AD8BD38E4B8709AA219D37:2
6C0130ECFDC2F3EF6BE4496082AB00185D0:1
6C657B7C30D1A506CB292F744534441A073:1
6CA8CFAB086CC6CB947B4A02F0F2B6FD9D6:1
6CF028AF1A558E60597BF51D7FAB8C0E7F0:3
6D63F017F900F63EB74F9804606B8CEDE9C:1
6DA343DB179F36D9E73082CEBA5F4A51B01:1
6DDA0640F725F3CE403C7C25ED1B8745FAB:4
6E8C5096EC0E20B264185B8663DBAFA6144:2
6EA4BD30EB165960E35F8B58AE4CBB2C443:1
6EEF6DBAE0A9AEA70D957455A2DE7744BBD:1
6F1BAF27788AC5C4D8E2D9711B1C670E18C:1
71B0671BFBF5B0D058717AD50150C6D43AD:2
71C3EDEAFE934CF3159DE2860D1E5ED3361:1
71F603EF53BD45222C2DFBA22933496988F:1
7265AF15E4CF9687A4B393A0DBFC0CAC0BC:4
728AA26DC1F7E72EDF6D5AF8647F0D3D06F:1
72A070B36EE0A423766D84479C129949E55:10
7304A5D47390D3F0426ADA5C19F7A4F08AE:4
73E4B05505EF268CE94B9547F9BB45C0100:3
74BB99433FB4EFC5C8CC9A575D015A3C46C:1
75483FE7139A7D98B50E5344EE7B5156FD9:2
75DA55254CFF26BE7D1D8DF20CE07CC5BE6:2
760182E34D1C63CF75B83E82CC3F66281BB:2
762842FF56EA94EF5A333E3761544ED975F:1
766A757A84346F2F64E89DAFC5390C54A92:5
77341CB1351CBCDB34931BB2E5703495121:1
77B6C20BD3C26A6DA532E9E4FDC25C61B34:2
77CC986A0AE3BA051FDF9B3C5512DC1A61A:1
77E67A1BE78C1346DB530912C87897FE710:1
781439623DDC30FCB198F81A7C13EF761CE:1
792620A0260800383029A5BCFF8302B0EF3:28
7A8FCBA193D51CF3005EF2501280978DFC6:3
7D09DBF1BDE8BAD63797DD92DA901DE30FC:1
7DA4EC5418B3BFD51E333DA1776745599E2:1
7DFCBF2B094E3799E25648E56350927B31B:3
7E3036795BCDC8426600BC60F3D4601796D:4
7EED8DB451CA04EBF709685A53774365729:2
7FA38E7FD90B8B41F6B701EE4418925E677:3
80031775C4C7E2C084EC1D0650AD1FDF052:2
803443AD81BDAE53FBC18F49C35A6961990:2
8091C28BA4B4B1D04B03362AF245FB1B68C:1
80F5DCCBC757E70B6780216B607D03281D7:2
814F408F8A98CC217E27632A298C2E814A6:22
8158FCEA18C08B85173A56E39EF8CEC954D:1
819428BF73AFFE0FE68BDC0FF3DDBE61924:2
81974B17689B75705789886078167BEB264:4
81F4A3146076FE40C81FF86678FDA0974F9:1
826C2D8055A34778FC605EFFDE48FBE87AE:4
82A6032D9C7D9454B89662BF20F8F45F600:4
842FB71BE2D16FA14AA6F3455187BD5FCEB:2
84312693AA266AA7DDA0984C452E54C96D2:2
84F037A80D19B4228506AAEB87D244DDDDD:1
855CEB95F0BA6C6F6FCD10AE979654EE0D8:1
85D03684CFDDD986652AE22D4DE6573D720:2
85D6DD6169F11ED9604C5EEDA25FCEE899B:1
8798EA51CE527D412228055FC40902571BE:1
87EEF6F5999F1AABE1F2263414A69F1B8DA:15
88AED6CFCB1783480B596D3C9111635BB96:2
88DE57A7FE13619A84D3FF0D7276620B4D9:2
8901602F749E65BE97C70F511DF891DB52D:1
8955767033A4B8749DBABBFDE0BA15CA072:1
8A9918ADE7281C76C5D0D4B120EACFFD05C:1
8AA13DCCA707B7938D9D14D5A0EE9818AD0:59
8B0A3D5A0267727039AC79A2A615D80ED2D:7
8B41A8C083C82154BD9B6924B6BC5B275DE:3
8B72FC709B01B69CF54E27725AD9DE8F0FF:8
8BCF5D6D12DC7BF00C291634F943BEF1D0C:1
8CCA84DBC1CCF65644E3D74173EAE98874D:4
8D3273C21C9027EFB1E02EC41BAFB2D6CBC:21
8D64A7F0A5C223859785AC13898F4ADB35F:11
8DA146493A615226205AA8D47449B48B2C4:5
8E3162D6962531F2E98788C765DA17D99D3:1
8E4E18C95262EC5C6173A3E8DB4E92276BF:1
8E8A07E209626DA4CA561915D1F61D3F62D:1
8E9152CC7DE46E290CF5F6883AB8CA1AC90:1
8EF77FDFDF6CB7CA6E9BE840A0BB1263F63:1
8F279B5CE9EF61910BE38F3ECE68B09005A:5
8FAF160BEA8FD1FA25C88A3FD12713EB999:2
908AEFDAD28DDD97CDE0641AA8B6BF32B41:2
912F63E2EBB2780276FB6A10786666B7E8A:3
919560B9E144BE26B85269B622F4AA21F12:1
91C272F8CA0F2C008A32FBE3007087AA493:4
921F4C71F633C424C583EA0378B27BF687C:1
926F503D49ED675C646CAF7B095F85FC828:1
9281762B104F732079C8FE42DC43F6EBB35:2
92E4C111F247D4CF37833A0EC0AC8DB6238:2
932AD9C7FE6CE7E761FF7F370BAB9279DB6:4
9341B96FD5BABB51B7E60116474FD4E4F6B:1
937AFF4F1D75A6C93B127386C69FF32788D:2
93CCD84F3CE931BCFA76990F05CF4FD2A0C:1
93F75F0FD3665427B3BF5A4EE7E8EBFE9F2:2
940CA2E379C023096AEC75B032BD01A20FE:1
955E5A41ABE4C2818B68644E3E4B112C2CD:2
96D9129626068A9E37604E5740ACDA23356:9
971DA5E4C520BDEE06EA3D7BDE27DF1722A:2
97F57F1E26336C382D2A77A22F81BA34C19:3
986713D0A9064342CA3940E621D7B05C2D7:3
987F957FA77A02EC3B5E40FA3B19D0797B8:2
98F14A4AB3A0B2017BB6AEED98C52426052:1
9B122D7FE7F9A5B2835674C0DDA4716FA80:1
9C4CCD82E1618EA14594D2F8322C5B4FA9F:1
9C5152B5ABE9AA7A1030CE1D6E1C68D3FDE:1
9CE8C5CCBE32417B9A5407BC72A884DB457:3
9D77B828F901482FD90166E1928499797AC:1
9D8FEEB8255C879D7EEFDEB87DC2AB5B3ED:2
9DAB91D94D377E8DA3F236604C0BE32B2EB:2
9DB39A379FFFE6253A2D2A6062FFBA522B0:2
9DC19F26935865C3434B077E125CE0CA016:2
9DD86C2826CAB9706218857326D26D88E08:23
9FA7DAB7F141BF87D3101FE1F20BF749F4A:2
9FF0F6DF6CF4D6D08DAD1C7CA8D944ADF76:3
A00B4AD77519BA9C1A6D06F037D28011153:1
A0943BBA1D332BA8CA7EFE4F22C171F91FA:8
A18041C73395C4C3D1F0E0F00AC9B9EEF4A:4
A2261C8F2C57B85911ED5AA4E83FF0DF616:1
A3FE3B2E37B0644D55B54A8FB6D48D83AC9:3
A5131DA97F558E69C5DB7D6A196D4F92D9B:134
A5148A3745B3E43FFA1F2955CF62C821B5B:6
A59411B0655A7E3F00AA91701BF3E3A4293:1
A5F9353DA8AC42800090024ABA2C12512F6:1
A61E4661A5B9BD3B72C438D529DA8472C7A:4
A635E42D5D29EA928EC90F78FD059BE43A4:2
A63860776A286F60181F14BB880AD16EFA7:2
A6DCA1B3EFE72696B40E004C380847BCC54:2
A70B3CB4A31CFE73DFC3896878B13BAF30A:1
A716B804B10DA72302F1F88DF112AEA6814:1
A80C5ACE03EF154B17AD2A2D3B048CD3AC2:1
A816D0B1ADFEC7DECE9B653E1628EFF1C45:3
A8770BE5644864D4027C009203AB55DB3F6:3
A8BD3D54F9963359968CEC082C5D929E297:1
A93DC88929367547B89999BE550CC3A94E2:18
A94229CB68ED4DE12BA5A898ACD7A5B60CC:2
A9EFB837DDD5C77C59CF22EA1529D7A03B9:20
AA7E846B572AC9D7BF49CD4730A5952957E:1
AB1638E1109B5742314E43E905EEC4C5B28:1
AB98EBAF8A022DE7E5CD51DE5EB1973A7C2:2
ABB3A6EEBB9C087AEA0F3F3AD1E03CC5FB2:1
AC4A70715BD37547200E0001815831692A9:1
ACBBF6BF1FED6F9C7C6F9C8B2C68CAA38E5:2
AD77B0642AA8EE8D4DB02774CA11F56EC91:4
AD931C6E8A49D522C386845FB9A0BC4AC10:1
ADDB091C370404D100EF2050DEB4EDCD57A:12
AE0F953F2814664DE89B5C4D0E7612B7DE6:5
AEA20615E2117B2069C1BE7D245E51AE15C:2
AEC31F33D48065193D771C6F1BE19D3E1BB:1
AEEA52383493E830844EA6710C898B1460C:2
AF1EC5D68DF416480B6BEC15E376DFA9097:3
AFA2BE63A54DED3B3E04BD69316F12AF6F3:4
AFF5C7FCFB011F66DDF5E398309AC971968:3
B08EF7269F0F03857AC208A59FBF7CF20BF:1
B098046BAA35851DDC0F8A1C33B925D8F46:1
B09F7A462A12C4D55363C5D4A181A943169:1
B0E64C0F798C81DA8305B827506C9BC7ECA:3
B0E6DFCD2235282B643B879808997FC6130:1
B22AE25F610F5153B496372C1299C2DE3C1:2
B26628C2F729036A22A5F356B2966023CD6:5
B2DDE614EC0FEE4F18F880156C11AD85022:3
B398DB0764A43759597834B7D950C97F8CA:6
B3C036CB287103188828A84FA5F7F1D8E78:2
B48E6AC3AFB8F9F94E7B26A5059C69F1216:1
B543D4DE240C306F3A9043B7CBEE5483C4D:1
B5ADB5457D14E3BDB3B78D809128D50FF62:3
B6300614F5A6513CACB8427199F701D6D9C:2
B6AFB6A1D9DD99A1F49D05B9D1F1660C6D6:2
B6B93D18205E54325D28850791BD6B014B4:1
B6EAA41D8EAEC3672428F600A55AFCDF887:1
B7675E3645DAEA536277D814AC0F26A2C0C:1
B76C9155C3402E1835589AE7FD4A29924E8:2
B79AA005A24DF47E1DD75E3443B26BDCE83:1
B8D126FD6D349FF1F518ED5866C69237D07:1
B8E1465D14F1C09A67186B9A575DFB314A1:1
B957BCA46D150F28252FC7D4D147E860702:2
B9C3F5F77E2E5CB1E65C5FFE5452C4C32FD:1
B9E6371271A639D3DCFC9DE51C0C1EE1BD9:5
BA0105DC67DEB2BB08FC655C3D6ADBB0CF3:4
BA51F8C1DF3F59B6674311D62E5E5CE60B6:8
BABCB2E0125BE385B91ADE02E0B611E566A:1
BB60F6E3F3FE374F6058CFF343BE4DD5B66:1
BBE39FC21F3B71CB9E95C9D2FF65CB33422:3
BC1880D68356EEBA09E99508127A0174AAD:3
BC5C71CFF24D1CD2A76A82B77B7F263AF2D:2
BD62D6C7D2D903FE782AB29A8AAB2D2D2E0:1
BD8AFA878A809D40AA0F5D5F326E6C79156:1
BDC686188E633133D8E0F92800723693C75:2
BEB8F6D6E792D8E0EBA2162C09E4C731179:4
BF09D1DA603A91435D89590E86503EF4651:5
BF7C231463D4054E031B5A9C6A72B9EC7F4:39
C1C47393A34DBB31303B7E6B43108439FB6:4
C209924C76DBF8ABF39648496E330E18722:4
C24E847813976ED777FBB7CDDD4C292BB3B:4
C28E66F3B81136693BCD5BA4AAB4D6CF018:1
C2D5232670F3B3944699FD264EE01B26C49:2
C2E59454FFF7D81997029A4A5154CF1E965:1
C2EED6D50DE79C8B21438D24DDAB048F928:2
C3B429281335FC2668215285627D947DA96:3
C3DB712EC10BFB32F1FC8897E9D5EC3EEA5:2
C465F6434159891654D689CD112277533BE:1
C53E03DFECAA750D023D4C90E3EE8E85FED:4
C58897BC296F59B9913B90A25EF3F75966B:2
C5AEFEA3ABC1D6ECC6A3F9F77E250B0232F:3
C61133E24834746B42886BB2C90214C813B:2
C78355D7E6572D360A5B837D99CD3014422:26
C840CECE3D684B242C195A7A5CA7E174E73:1
C872567A52EAB5E3550841F302994708CD5:2
C87E937FC495E4440D844A3E814244BBB26:4
C91F4B698AE4976B8B546799E0593E9AFDF:6
CA495741913E153C237BE238294B28690C5:3
CACCAC40E591A679CB39664791D83E8D245:1
CB7BD3810F6434C9F202333C485FAA4A18A:1
CC4058ADC75F22FA1F9A39CA101533B5089:10
CC84E7B70439992C8D4EE6FC88009F60F61:1
CC9BC4612F3191FDDD76CAE611448A2E470:36
CCC1EC29F533ADAAB4895A23943C54850B1:3
CD40F07ADA4DE3436BA1FD684C902FFB1FF:1
CDF108EED26C1347341EC6541DEB071719B:11
CF11587EE1B7F9BD9B4DF298E4C812D1188:1
CF557695317833A56B3604FEF0403314AC8:3
CF83BA58BAD18ECD28A360BD22457B29243:2
CFA246F85D0E51C398A240FC9FC4C5484D1:2
CFA312B5DCADA230C72420A008E9D6A7F5F:2
CFAF42F31D2D85EE20E6A0D46308798B984:1
D075036092C12C68EEA5FD1F42A84C541ED:1
D164196379B5380F8972542F8DB4D926646:5
D1D8F83B2499A305752C566CC6C9852973A:1
D311A589B38BB0AA091BA6406F7BBFF08F7:4
D3E44BD876DF08DA08E75930D37C1682130:2
D3EEB8A195B32A18104332B53B79EDC0551:20
D3F8FFF24922BB1B51D2116DB7D54807291:1
D44B40FB89523009D27352023F9ACC2FA40:2
D4C0E309EAF9032A29F61EE3FE2BCC6C946:1
D4D18AA008FED1F337386486A5D77D339EC:2
D5384A73743CCA91487CCDA7E00389FE4F2:2
D5A649A042586360F76ECFDBEEC80EFDDAB:3
D617B69ECD68B70E9FA3B340DC54B7A13BC:1
D61AE1047636BFA06506D7D2D8FCE20758C:1
D6A2A47F137DB33C3BCC295D5FDD5E857B5:1
D6A6E499127F22E98AA55F174709866F1C3:1
D770573CF02A95170D214CA65876615D7E2:10
D77BCAE41D7C6D5C5029CB5C9A0DD706B6C:2
D7DB690071702D90CDB44E44A6F8B0409E0:5
D7E10F2F0AC7AC071AF65921856ED544CC9:2
D7E209ECFBFC3BBFCEFDA0CBB8DFFF3AC0F:1
D8168E05FB10CF92CFCAF5112AACE707C88:1
D8267A5009A30ED4E16237B8DF8D49B24EB:1
D8283A71946983AAE0D4706A337D55B6D4B:1
D8354ED4D266C567A9F2FF08A18F36C62E0:1
D952A5B599A02DDCDD6307D3BDB3A906434:1
D96A3505B2DE1AA66E5CF045CEFB04BFD2A:1
D9C4D273D8658D0A6EB90B1972E0551B25C:1
D9D5429DA18B40A02D666A183114C2F2791:2
DAA53B432BB2A394F33697A7FBECBB46B7C:1
DAE3945D9CB79C0A26DF3F4B0C4F1FFE2A3:1
DB0B7D8AB7DB4CFFB6EADDBD1A8A608F627:2
DB4EF8FA53C24BB6F1C6CA8475A1BC705B6:2
DB5831AFE8BB74371E330CD1D6B23BF9E29:1
DB9713337E374AA8D84240CB0A36444CDB9:1
DC0BD971176C0626F055BAE565796A87588:4
DCB27CB2C145D5AB1157A866AD23359876A:2
DCB7F954A684A2E78D7B53181B0DC918884:1
DCDA7939B4C0750B630040D8CDED261EF7D:1
DCF72089B34EE5A4C8C65CC6FCB2354A1A5:135
DD4397BF5C57B086C9C654B1F31BFD4240B:1
DD73A5179B9BB521ED63EEE8B0BE5CDA4F7:5
DD8800B63A9D83C4F02DAD4AAE970A486D8:6
DDD59DC5E8EC9BD2DFDEE79955F2EC8D049:4
DE0768EB810C07AE18E15D51441BDA92B9D:3
DE362A90FD20BAA38D02DCDE97D7B7C28AB:2
DE771663A66142739E6D24EE4412F5CEE2D:4
DE8952B88F720FD0D7641459C304D37BB45:3
DE8EAE13DC5102F6EE8AE4D2FE0BBE7860A:2
E09C1B76A4B2231B7498E6D7F3BBD291A83:1
E222EC06C66B876A73210204562DB230D0E:2
E265C16B674E1B9F7AE7D05F06015EEAEBD:1
E34DD6FF81DAA27233AC8FCC7F87663368D:1
E3586B445EA95EAD842E9428BB9A9A37C09:17
E37C53A847FF49D6DC7B17DBC9FD269B075:5
E3C59AC22CBA370A6229148CD2A49A60DFF:2
E402CA2CE56517F43752AA3600425C31E8B:1
E408D1D4A46784C1EB4ABA2EDDA0DE64AB0:5
E4268750A442D034358186D668FFA648A8E:4
E43CD0BF9A0DC22187D042803AFF565D806:1
E5D320173F9B21E8BE849FA260A6AC77C1C:1
E65E16F21DC3897666EA99AA4A2CB4CE329:2
E67106EE5A17401BB98F7E17E2FFDB18515:1
E6D0455B28F1D59C0EADE7810CDCD17C55D:8
E6E60CF85E4665C6FABC107BB96B6024B36:3
E730AC4F5E1D3DB906443B0B985559BE526:3
E734D6228F29D148FD0D8899700CB5B4A99:2
E75D8BDE3826FAED6CDC8D729950269762C:9
E822BF8803695D7E5B3BCE14EA0F7C018FC:3
E8416D90FA4A1C36DFC7D8A0678263D4BE0:3
E8C9380ABEEC7704B419FB1E2FDD792F0B8:2
E96C73E2C6C0D0717CD2662DAA53877ED4E:54
EA9AD177DF5A221C504598DD9E15D0EB45B:3
EB6D5CA00BC2C79FAA2801F20C23EA39EA9:18
ED827CC4AD520D3C0B7E6932FC0906B84EC:1
EE634BE1741B72FDA0601BCFE48CC0CD61F:1
EF5F9BC067EE4953ACCB72387CD53374701:8
EFC41BBAD701F61AB4980B4C3A7F2175E45:3
EFEEE0D8399CAE727DAD27B367391184980:1
F0B9A387028CFD93DC7C56860004E2FC826:6
F0F41034832297220187B32717046E38CF0:6
F18A337F8F85CAB88FF812E5B5C12F13665:3
F240EAD32F642AD719285220B70F93012A0:3
F26856CED832BEC69EDCBB79C936EEB77E3:6
F2CAA3136C777170702EA6EF668F6CD5B8D:1
F2CF467187A7BD30F95F64A6B2775936DC7:1
F3A63BAE9C19476203501CFF821B449963C:1
F3C2303C9054C2C83942B3E8956B660A373:3
F3E6E3744DC7625A31B7DC487D221E44470:3
F555016F402008A85F0C6DC643BF18BD3EB:6
F59F7627EAC23F4EEA18A30402EDDB99815:1
F6175BB54778220D1D41392E68F67792248:2
F6198C91FC15A6AD53A5CE4F132AF2848C1:4
F628BDE66C6DC97F1E0B594718411D4C6CD:2
F6500AB0B1A74E6D7F2F17A515882775B27:1
F771D836EF6667DF2A5FFC9FA4F6B113280:2
F7A8A4B66E378164D729A58CC5486C97C65:1
F80D8CE789BF11A4705A4812D653BAAA042:2
F874D377BE7C3913104D29589D8C1846210:3
F9298AD253B7AE374C80D7BADB6E0075CC5:1
F9B858B9F90EDC21D994C368436C5B09379:1
F9BAF49923D434E6827A93DBF37390A6B4B:11
F9DF7D8B09465FE3B2B00811BB181E53A1F:9
F9F3B3CF29253A79DEC21100B861E70BC59:4
FA491E256DAF02B977FCF97758FC30E60CA:1
FAD36CFC8F4BA0004CA7EB1154315052C35:2
FB4ADDE2BBBB748C25D0E144CA9F7B38546:2
FB7366E5495ED399563E1891F5BB296BD0E:2
FBBDE82C94C3959D4C466C6B413F0C3A084:1
FC41DFAC5F3DF1DA323630AEB9CF316C5D6:3
FC7C0F1419F9E6647CDF8BC2AD84CF8B6E8:2
FC8235249B60CE91D13CDB552B53C99C00D:1
FCE9FBB82E6672FFF305D602760F8127655:2
FD4380ACD43B4FCDE210D8AFF3B755D1E23:4
FDE5DB1DB6AC39F8B406328A6693CACD17A:1
FDF2A1CD8F9CAE2D5AB288AF6DFD5742FBF:2
FE4C84084665B6ACB2AACD018899A5197E0:2
FF83EA97D804DA87B721F7FB9C3F25787C1:1